@misc{MakeHuman,
  author = {MakeHuman},
  title = {{MakeHuman | Open source tool for making 3d characters}},
  howpublished = "\url{http://www.makehuman.org/}",
  note = "[Online; accessed 29-Sept-2015]"
}

@misc{Fuse,
  author = {Adobe Systems Incorporated},
  title = {{Create 3D models, characters | Adobe Fuse CC (Preview)}},
  howpublished = "\url{http://www.adobe.com/products/fuse.html}",
  year = {2015},
  note = "[Online; accessed 8-Oct-2015]"
}

@misc{Mixamo,
  author = {Adobe Systems Incorporated},
  title = {{3D Animations for Your 3D Character - Mixamo}},
  howpublished = "\url{https://www.mixamo.com/3d-animations}",
  year = {2015},
  note = "[Online; accessed 8-Oct-2015]"
}

@misc{ue4particle,
  author = {Epic Games, Inc},
  title = {{Particle System User Guide | Unreal Engine}},
  howpublished = "\url{https://docs.unrealengine.com/latest/INT/Engine/Rendering/ParticleSystems/UserGuide/index.html}",
  year = {2005},
  note = "[Online; accessed 28-Nov-2015]"
}

@misc{oculus,
  author = {Wikipedia Foundation, Inc},
  title = {{Oculus Rift - Wikipedia, the free encyclopedia}},
  howpublished = "\url{https://en.wikipedia.org/wiki/Oculus_Rift}",
  year = {2015},
  note = "[Online; accessed 1-Dec-2015]"
}

@misc{cardboard,
  author = {Google, Inc},
  title = {{Getting Started | Cardboard | Google Developers}},
  howpublished = "\url{https://developers.google.com/cardboard/android/get-started}",
  year = {2015},
  note = "[Online; accessed 16-Aug-2015]"
}

@misc{royalty,
  author = {Epic Games, Inc},
  title = {{UNREAL ENGINE 4 COMMERCIAL GAME DEPLOYMENT GUIDELINES}},
  howpublished = "\url{https://www.unrealengine.com/release}",
  year = {2015},
  note = "[Online; accessed 1-Dec-2015]"
}